@article{rise_article, title={The rise of computational biology}, volume={290}, journal={Nature Reviews Molecular Cell Biology}, volume={3}, author={Noble, Denis}, year={2002}, pages={459 - 463}, doi={10.1038/nrm810}}

%Nuclear Treaties
@online{partial_nuclear_test_ban_treaty,
	title={Partial Nuclear Test Ban Treaty},
	author={{United Nations Office for Disarmament Affairs}},
	url={http://disarmament.un.org/treaties/t/test_ban},
	urldate={2018-02-08}
}
@online{threshold_test_ban_treaty,
	title={Threshold Test Ban Treaty},
	author={{U.S. Department of State}},
	url={https://www.state.gov/t/isn/5204.htm},
	urldate={2018-02-08}
}
@online{comprehensive_nuclear_test_ban_treaty,
	title={Comprehensive Nuclear-Test-Ban Treaty},
	author={{United Nations Office for Disarmament Affairs}},
	url={https://www.un.org/disarmament/wmd/nuclear/ctbt/},
	urldate={2018-02-08}
}

%simulation examples
@electronic{curiscope,
	title={Curiscope},
	author={{Curiscope Ltd.}},
	url={https://www.curiscope.co.uk},
	urldate={2018-02-05}
}
@electronic{little_journey,
	title={Little Sparks Hospital},
	author={{Little Sparks Hospital Ltd.}},
	url={https://littlesparkshospital.com},
	urldate={2018-02-05}
}

%skills shortage
@online{microsoft_blog,
	title={Investing in American Innovation and the Next Generation},
	author={Microsoft},
	day={12},
	month={12},
	year={2012},
	url={https://blogs.microsoft.com/on-the-issues/2012/12/12/investing-in-american-innovation-and-the-next-generation/},
	urldate={2018-01-16}
	
}
@report{digital_skills_uk,
	title={DIGITAL SKILLS for the UK ECONOMY},
	author={{Ecorys UK}},
	date={2016-01},
	url={https://www.gov.uk/government/publications/digital-skills-for-the-uk-economy},
	urldate={2016-01-15}
}

%Realism - Immersion
@inproceedings{realism_immersion,
 author = {Cheng, Kevin and Cairns, Paul A.},
 title = {Behaviour, Realism and Immersion in Games},
 booktitle = {CHI '05 Extended Abstracts on Human Factors in Computing Systems},
 series = {CHI EA '05},
 year = {2005},
 isbn = {1-59593-002-7},
 location = {Portland, OR, USA},
 pages = {1272--1275},
 numpages = {4},
 url = {http://doi.acm.org/10.1145/1056808.1056894},
 doi = {10.1145/1056808.1056894},
 acmid = {1056894},
 publisher = {ACM},
 address = {New York, NY, USA},
 keywords = {behaviour, games, immersion, realism},
} 


%modelling
@Inbook{Paige2017, author="Paige, Richard F. and Zolotas, Athanasios and Kolovos, Dimitris",
editor="Mazzara, Manuel and Meyer, Bertrand",
title="The Changing Face of Model-Driven Engineering",
bookTitle="Present and Ulterior Software Engineering",
year="2017",
publisher="Springer International Publishing",
address="Cham",
pages="103--118",
doi="10.1007/978-3-319-67425-4_7",
url="https://doi.org/10.1007/978-3-319-67425-4_7"
}
@article{flexisketch,
author="W{\"u}est, Dustin and Seyff, Norbert and Glinz, Martin",
title="FlexiSketch: a lightweight sketching and metamodeling approach for end-users",
journal="Software {\&} Systems Modeling",
year="2017",
month="9",
day="16",
issn="1619-1374",
doi="10.1007/s10270-017-0623-8",
url="https://doi.org/10.1007/s10270-017-0623-8"
}

%parallelism
@online{concurrency_revolution,
 title={The Free Lunch is Over: A Fundamental Turn Toward Concurrency in Software},
 author={Herb Sutter},
 date={2004-12},
 url={http://www.gotw.ca/publications/concurrency-ddj.htm},
 urldate={2018-02-08}
}


%YCIL/York
@phdthesis{kieran_thesis, title={Simulation and Statistical Techniques to Explore Lymphoid Tissue Organogenesis}, author={Alden, Kieran James}, year={2012}, school={University of York}, address={Heslington, York}}
@mastersthesis{phil_diss, title={Parallel Programming Tools for Exploring Immune System Development}, author={Drew, Philip}, year={2017}, school={University of York}, address={Heslington, York}}


%FlameGPU
@article{flame_keratinocyte, author = {Richmond, Paul and Walker, Dawn and Coakley, Simon and Romano, Daniela}, title = {High performance cellular level agent-based simulation with FLAME for the GPU}, journal = {Briefings in Bioinformatics}, volume = {11}, number = {3}, pages = {334-347}, year = {2010}, doi = {10.1093/bib/bbp073}}

% Evaluation
@inproceedings{statistical_tests,
	author = {Arcuri, Andrea and Briand, Lionel},
	title = {A Practical Guide for Using Statistical Tests to Assess Randomized Algorithms in Software Engineering},
	booktitle = {Proceedings of the 33rd International Conference on Software Engineering},
 	series = {ICSE '11},
	year = {2011},
	location = {Waikiki, Honolulu, HI, USA},
	pages = {1 - 10},
	url = {http://doi.acm.org/10.1145/1985793.1985795},
	doi = {10.1145/1985793.1985795},
 	publisher = {ACM},
 	address = {New York, NY, USA}
}